<?xml version="1.0" encoding="UTF-8"?><collection xmlns="http://www.loc.gov/MARC21/slim"><record><leader>00383nam--2200121-i-4500</leader><controlfield tag="001">000042735</controlfield><controlfield tag="002">20161230</controlfield><controlfield tag="005">20161230201043</controlfield><controlfield tag="008">060222s1000------------r-----000-0-eng-d</controlfield><datafield ind1=" " ind2=" " tag="080"><subfield code="a">621.039.6</subfield></datafield><datafield ind1=" " ind2=" " tag="245"><subfield code="a">Status report on controlled thermonuclear fusion. executive summary and general overviev. prepared by int.fusion researc council</subfield></datafield><datafield ind1=" " ind2=" " tag="260"><subfield code="a">Vienna, Iaea, 1990. 52 P</subfield></datafield><datafield ind1=" " ind2=" " tag="852"><subfield code="a">79045</subfield></datafield></record></collection>